<?xml version="1.0" encoding="UTF-8"?><collection xmlns="http://www.loc.gov/MARC21/slim"><record><leader>00475nam--2200121-i-4500</leader><controlfield tag="001">000003978</controlfield><controlfield tag="002">20161230</controlfield><controlfield tag="005">20161230201025</controlfield><controlfield tag="008">060222s1000------------r-----000-0-eng-d</controlfield><datafield ind1=" " ind2=" " tag="245"><subfield code="a">Cern european organization for nuclear researc h.symposium l956.leading parameters of some of the highest energy particle accelerators now operating,under construction or projected., vol.1:fasc.o-12</subfield></datafield><datafield ind1=" " ind2=" " tag="260"><subfield code="a">15-27</subfield></datafield><datafield ind1=" " ind2=" " tag="490"><subfield code="a">Geneva,Cern, 1956. /Pag.Dif.</subfield></datafield><datafield ind1=" " ind2=" " tag="852"><subfield code="a">621.384.6:539.126.34(061.3)</subfield></datafield></record></collection>